@article{Chavas2015,
author = {Chavas, Jean-Paul and Shi, Guanming},
file = {:C$\backslash$:/Users/Ariel/AppData/Local/Mendeley Ltd./Mendeley Desktop/Downloaded/Chavas, Shi - 2015 - An Economic Analysis of Risk, Management, and Agricultural Technology.pdf:pdf},
journal = {Journal of Agricultural and Resource Economics},
keywords = {Agribusiness,Research and Development/Tech Change/Emerging Tech,Risk and Uncertainty,certainty equivalente,premium risk},
mendeley-groups = {Risk Analysis},
mendeley-tags = {certainty equivalente,premium risk},
number = {1},
pages = {63--79},
publisher = {Western Agricultural Economics Association},
title = {{An Economic Analysis of Risk, Management, and Agricultural Technology}},
volume = {40},
year = {2015}
}


@article{Hardaker2004,
author = {Hardaker, J. Brian and Richardson, James W. and Lien, Gudbrand and Schumann, Keith D.},
doi = {10.1111/j.1467-8489.2004.00239.x},
issn = {1364-985X},
journal = {The Australian Journal of Agricultural and Resource Economics},
keywords = {SERF,certainty equivalente,premium risk},
mendeley-groups = {Risk Analysis},
mendeley-tags = {SERF,certainty equivalente,premium risk},
month = {6},
number = {2},
pages = {253--270},
publisher = {John Wiley {\&} Sons, Ltd (10.1111)},
title = {{Stochastic efficiency analysis with risk aversion bounds: a simplified approach}},
volume = {48},
year = {2004}
}

@article{BOLLEN20111,
title = {Twitter mood predicts the stock market},
journal = {Journal of Computational Science},
volume = {2},
number = {1},
pages = {1-8},
year = {2011},
issn = {1877-7503},
doi = {https://doi.org/10.1016/j.jocs.2010.12.007},
url = {https://www.sciencedirect.com/science/article/pii/S187775031100007X},
author = {Johan Bollen and Huina Mao and Xiaojun Zeng},
}

@Article{btccovid19,
AUTHOR = {Pano, Toni and Kashef, Rasha},
TITLE = {A Complete VADER-Based Sentiment Analysis of Bitcoin (BTC) Tweets during the Era of COVID-19},
JOURNAL = {Big Data and Cognitive Computing},
VOLUME = {4},
YEAR = {2020},
NUMBER = {4},
ARTICLE-NUMBER = {33},
URL = {https://www.mdpi.com/2504-2289/4/4/33},
ISSN = {2504-2289},
DOI = {10.3390/bdcc4040033}
}

@thesis{btcpredictmaster21,
AUTHOR = {Cheuque Cerda, Germán Alfredo},
TITLE = {Bitcoin price prediction through stimulus analysis : on the footprints of twitter's crypto-influencers},
URL = {https://repositorio.uc.cl/handle/11534/60881},
SCHOOL = {Pontificia Universidad Católica de Chile},
YEAR = {2021}
}

@article{lstmsinaweibo2021,
author = {Huang, Xin and Zhang, Wenbin and Huang, Yiyi and Tang, Xuejiao and Zhang, Mingli and Surbiryala, Jayachander and Iosifidis, Vasileios and Zhen, Liu and Zhang, Ji},
year = {2021},
month = {03},
pages = {},
title = {LSTM Based Sentiment Analysis for Cryptocurrency Prediction}
}

@article{KRAAIJEVELD2020101188,
title = {The predictive power of public Twitter sentiment for forecasting cryptocurrency prices},
journal = {Journal of International Financial Markets, Institutions and Money},
volume = {65},
pages = {101188},
year = {2020},
issn = {1042-4431},
doi = {https://doi.org/10.1016/j.intfin.2020.101188},
url = {https://www.sciencedirect.com/science/article/pii/S104244312030072X},
author = {Olivier Kraaijeveld and Johannes {De Smedt}},
keywords = {Cryptocurrencies, Time series analysis, Sentiment analysis, Natural Language Processing, Twitter, Bots},
}

@inproceedings{georgoulabtc2015,
author = {Giaglis, George and Georgoula, Ifigeneia and Pournarakis, Dimitrios and Bilanakos, Christos and Sotiropoulos, Dionisios},
year = {2015},
month = {10},
pages = {},
title = {Using Time-Series and Sentiment Analysis to Detect the Determinants of Bitcoin Prices},
journal = {SSRN Electronic Journal},
doi = {10.2139/ssrn.2607167}
}

@article{garcia2015,
author = {Garcia, David and Schweitzer, Frank},
year = {2015},
month = {06},
pages = {},
title = {Social signals and algorithmic trading of Bitcoin},
volume = {2},
journal = {Royal Society Open Science},
doi = {10.1098/rsos.150288}
}

@article{vader,
author = {Hutto, C.J. and Gilbert, Eric},
year = {2015},
month = {01},
pages = {},
title = {VADER: A Parsimonious Rule-based Model for Sentiment Analysis of Social Media Text},
journal = {Proceedings of the 8th International Conference on Weblogs and Social Media, ICWSM 2014}
}

@article{loughran,
author = {LOUGHRAN, TIM and MCDONALD, BILL},
title = {When Is a Liability Not a Liability? Textual Analysis, Dictionaries, and 10-Ks},
journal = {The Journal of Finance},
volume = {66},
number = {1},
pages = {35-65},
doi = {https://doi.org/10.1111/j.1540-6261.2010.01625.x},
url = {https://onlinelibrary.wiley.com/doi/abs/10.1111/j.1540-6261.2010.01625.x},
eprint = {https://onlinelibrary.wiley.com/doi/pdf/10.1111/j.1540-6261.2010.01625.x},
}

@MISC{bitcoin,
    author = {Satoshi Nakamoto},
    title = {Bitcoin: A peer-to-peer electronic cash system,” http://bitcoin.org/bitcoin.pdf},
    year = {2008}
}

@inproceedings{matta2015bitcoin,
  title={Bitcoin Spread Prediction Using Social and Web Search Media.},
  author={Matta, Martina and Lunesu, Ilaria and Marchesi, Michele},
  booktitle={UMAP workshops},
  pages={1--10},
  year={2015}
}

@INPROCEEDINGS{serafini2020,
  author={Serafini, Giulia and Yi, Ping and Zhang, Qingquan and Brambilla, Marco and Wang, Jiayue and Hu, Yiwei and Li, Beibei},
  booktitle={2020 International Joint Conference on Neural Networks (IJCNN)}, 
  title={Sentiment-Driven Price Prediction of the Bitcoin based on Statistical and Deep Learning Approaches}, 
  year={2020},
  volume={},
  number={},
  pages={1-8},
  doi={10.1109/IJCNN48605.2020.9206704}}
